@Book{xie2015,
  title = {Dynamic Documents with {R} and knitr},
  author = {Yihui Xie},
  publisher = {Chapman and Hall/CRC},
  address = {Boca Raton, Florida},
  year = {2015},
  edition = {2nd},
  note = {ISBN 978-1498716963},
  url = {http://yihui.name/knitr/},
}

@article{Miller_Epstein_Bishop_Keitner_1985, 
  title={THE McMASTER FAMILY ASSESSMENT DEVICE: RELIABILITY AND VALIDITY*}, 
  volume={11}, 
  url={http://dx.doi.org/10.1111/j.1752-0606.1985.tb00028.x}, 
  DOI={10.1111/j.1752-0606.1985.tb00028.x}, 
  number={4}, 
  journal={Journal of Marital and Family Therapy}, 
  publisher={Wiley-Blackwell}, 
  author={Miller, Ivan W. and Epstein, Nathan B. and Bishop, Duane S. and Keitner, Gabor I.}, 
  year={1985}, 
  month={Oct}, 
  pages={345â€“356}
}