@Manual{R-base,
  title = {R: A Language and Environment for Statistical Computing},
  author = {{R Core Team}},
  organization = {R Foundation for Statistical Computing},
  address = {Vienna, Austria},
  year = {2017},
  url = {https://www.R-project.org/},
}
@Manual{R-bookdown,
  title = {bookdown: Authoring Books and Technical Documents with R Markdown},
  author = {Yihui Xie},
  note = {R package version 0.7.1},
  url = {https://github.com/rstudio/bookdown},
  year = {2018},
}
@Manual{R-dplyr,
  title = {dplyr: A Grammar of Data Manipulation},
  author = {Hadley Wickham and Romain Francois and Lionel Henry and Kirill MÃ¼ller},
  year = {2017},
  note = {R package version 0.7.4},
  url = {https://CRAN.R-project.org/package=dplyr},
}
@Manual{R-fivethirtyeight,
  title = {fivethirtyeight: Data and Code Behind the Stories and Interactives at
'FiveThirtyEight'},
  author = {Chester Ismay and Jennifer Chunn},
  year = {2017},
  note = {R package version 0.3.0},
  url = {https://CRAN.R-project.org/package=fivethirtyeight},
}
@Manual{R-ggplot2,
  title = {ggplot2: Create Elegant Data Visualisations Using the Grammar of Graphics},
  author = {Hadley Wickham and Winston Chang},
  year = {2016},
  note = {R package version 2.2.1},
  url = {https://CRAN.R-project.org/package=ggplot2},
}
@Manual{R-knitr,
  title = {knitr: A General-Purpose Package for Dynamic Report Generation in R},
  author = {Yihui Xie},
  year = {2018},
  note = {R package version 1.19},
  url = {https://CRAN.R-project.org/package=knitr},
}
@Manual{R-printr,
  title = {printr: Automatically Print R Objects to Appropriate Formats According
to the 'knitr' Output Format},
  author = {Yihui Xie},
  year = {2017},
  note = {R package version 0.1},
  url = {https://CRAN.R-project.org/package=printr},
}
@Manual{R-rmarkdown,
  title = {rmarkdown: Dynamic Documents for R},
  author = {JJ Allaire and Yihui Xie and Jonathan McPherson and Javier Luraschi and Kevin Ushey and Aron Atkins and Hadley Wickham and Joe Cheng and Winston Chang},
  note = {http://rmarkdown.rstudio.com, https://github.com/rstudio/rmarkdown},
  year = {2018},
}
