@Article{Carroll_2012,
  doi = {10.1080/01621459.2012.699793},
  url = {https://doi.org/10.1080/01621459.2012.699793},
  year = {2012},
  month = {sep},
  publisher = {Informa {UK} Limited},
  volume = {107},
  number = {499},
  pages = {1166--1177},
  author = {Raymond Carroll and Aurore Delaigle and Peter Hall},
  title = {Deconvolution When Classifying Noisy Data Involving Transformations},
  journal = {Journal of the American Statistical Association},
}
